@article{wang2024identification,
  title={Identification of Distribution Network Topology and Line Parameter Based on Smart Meter Measurements},
  author={Wang, Chong and Lou, Zheng and Li, Ming and Zhu, Chaoyang and Jing, Dongsheng},
  journal={Energies},
  volume={17},
  number={4},
  pages={830},
  year={2024},
  publisher={MDPI}
}

@online{adnetheat,
  title={AD Net Heat},
  author={ITWM Fraunhofer},
  url={https://www.itwm.fraunhofer.de/en/departments/tv/products-and-services/software-ad-net-heat-district-heating.html}
}
